%!TEX root = index.tex
@inproceedings{cremonesi2010performance,
  title={Performance of recommender algorithms on top-n recommendation tasks},
  author={Cremonesi, Paolo and Koren, Yehuda and Turrin, Roberto},
  booktitle={Proceedings of the fourth ACM conference on Recommender systems},
  pages={39--46},
  year={2010},
  organization={ACM}
}

@article{herlocker2004evaluating,
  title={Evaluating collaborative filtering recommender systems},
  author={Herlocker, Jonathan L and Konstan, Joseph A and Terveen, Loren G and Riedl, John T},
  journal={ACM Transactions on Information Systems (TOIS)},
  volume={22},
  number={1},
  pages={5--53},
  year={2004},
  publisher={ACM}
}

@inproceedings{wei2007survey,
  title={A survey of e-commerce recommender systems},
  author={Wei, Kangning and Huang, Jinghua and Fu, Shaohong},
  booktitle={Service Systems and Service Management, 2007 International Conference on},
  pages={1--5},
  year={2007},
  organization={IEEE}
}
@inproceedings{adibi2013collaborative,
  title={A collaborative filtering recommender system based on user's time pattern activity},
  author={Adibi, Pooyan and Ladani, Behrouz Tork},
  booktitle={Information and Knowledge Technology (IKT), 2013 5th Conference on},
  pages={252--257},
  year={2013},
  organization={IEEE}
}
@inproceedings{guo2010improved,
  title={An Improved Collaborative Filtering Algorithm Based on Trust in E-Commerce Recommendation Systems},
  author={Guo, Yanhong and Cheng, Xuefen and Dong, Dahai and Luo, Chunyu and Wang, Rishuang},
  booktitle={Management and Service Science (MASS), 2010 International Conference on},
  pages={1--4},
  year={2010},
  organization={IEEE}
}
@inproceedings{ren2011item,
  title={An item-based collaborative filtering approach based on balanced rating prediction},
  author={Ren, Lei and Gu, Junzhong and Xia, Weiwei},
  booktitle={Multimedia Technology (ICMT), 2011 International Conference on},
  pages={3405--3408},
  year={2011},
  organization={IEEE}
}

@inproceedings{puntheeranurak2011item,
  title={An Item-based collaborative filtering method using Item-based hybrid similarity},
  author={Puntheeranurak, Sutheera and Chaiwitooanukool, Thanut},
  booktitle={Software Engineering and Service Science (ICSESS), 2011 IEEE 2nd International Conference on},
  pages={469--472},
  year={2011},
  organization={IEEE}
}

@inproceedings{sarwar2000analysis,
  title={Analysis of recommendation algorithms for e-commerce},
  author={Sarwar, Badrul and Karypis, George and Konstan, Joseph and Riedl, John},
  booktitle={Proceedings of the 2nd ACM conference on Electronic commerce},
  pages={158--167},
  year={2000},
  organization={ACM}
}
@inproceedings{wang2013combining,
  title={Combining user-based and item-based collaborative filtering techniques to improve recommendation diversity},
  author={Wang, Jing and Yin, Jian},
  booktitle={Biomedical Engineering and Informatics (BMEI), 2013 6th International Conference on},
  pages={661--665},
  year={2013},
  organization={IEEE}
}

@incollection{lops2011content,
  author={Lops, Pasquale and de Gemmis, Marco and Semeraro, Giovanni},
  booktitle={Recommender Systems Handbook},
  year={2011},
  publisher={Springer}
}

@article{schafer2001commerce,
  title={E-Commerce Recommendation Applications},
  author={Schafer, J Ben and Konstan, Joseph A and Riedl, John},
  journal={Data Mining and Knowledge Discovery},
  volume={5},
  pages={115--153},
  year={2001}
}
@inproceedings{mu2010improvement,
  title={Improvement of Item-Based Collaborative Filtering Algorithm Based on Hesitation Degree},
  author={Mu, Xiangwei and Chen, Yan and Qin, Shenjun},
  booktitle={E-Product E-Service and E-Entertainment (ICEEE), 2010 International Conference on},
  pages={1--4},
  year={2010},
  organization={IEEE}
}
@inproceedings{sarwar2001item,
  title={Item-based collaborative filtering recommendation algorithms},
  author={Sarwar, Badrul and Karypis, George and Konstan, Joseph and Riedl, John},
  booktitle={Proceedings of the 10th international conference on World Wide Web},
  pages={285--295},
  year={2001},
  organization={ACM}
}
@inproceedings{zhang2010item,
  title={Item-based collaborative filtering with fuzzy vector cosine and item directional similarity},
  author={Zhang, Jiayuan and Yan, Zhijun},
  booktitle={Service Systems and Service Management (ICSSSM), 2010 7th International Conference on},
  pages={1--6},
  year={2010},
  organization={IEEE}
}
@inproceedings{xia2010optimizations,
  title={Optimizations for item-based Collaborative Filtering algorithm},
  author={Xia, Shuang and Zhao, Yang and Zhang, Yong and Xin, Chunxiao and Roepnack, Scott and Huang, Shihong},
  booktitle={Natural Language Processing and Knowledge Engineering (NLP-KE), 2010 International Conference on},
  pages={1--5},
  year={2010},
  organization={IEEE}
}
@inproceedings{sarwar2002recommender,
  title={Recommender systems for large-scale e-commerce: Scalable neighborhood formation using clustering},
  author={Sarwar, Badrul M and Karypis, George and Konstan, Joseph and Riedl, John},
  organization={Citeseer},
  year={2002}
}
@inproceedings{schafer1999recommender,
  title={Recommender systems in e-commerce},
  author={Schafer, J Ben and Konstan, Joseph and Riedl, John},
  booktitle={Proceedings of the 1st ACM conference on Electronic commerce},
  pages={158--166},
  year={1999},
  organization={ACM}
}
@article{adomavicius2005toward,
  title={Toward the next generation of recommender systems: A survey of the state-of-the-art and possible extensions},
  author={Adomavicius, Gediminas and Tuzhilin, Alexander},
  journal={Knowledge and Data Engineering, IEEE Transactions on},
  volume={17},
  number={6},
  pages={734--749},
  year={2005},
  publisher={IEEE}
}

@online{amazoncustomers,
author = {Leslie Tutol},
title = {Amazon Launches ‘Login and Pay with Amazon’ for a Seamless Buying Experience},
month = nov,
year = {2013},
url = {http://services.amazon.com/post/Tx2A98P3EKP62O2/Amazon-Launches-Login-and-Pay-with-Amazon-for-a-Seamless-Buying-Experience}
}

@online{netflix75,
author = {Xavier Amatriain},
title = {Netflix Recommendations: Beyond the 5 stars},
month = apr,
year = {2012},
url = {http://techblog.netflix.com/2012/04/netflix-recommendations-beyond-5-stars.html}
}

@online{amazon35,
author = {Matt Marshall},
title = {Aggregate Knowledge raises \$5M from Kleiner, on a roll},
month = dec,
year = {2006},
url = {http://venturebeat.com/2006/12/10/aggregate-knowledge-raises-5m-from-kleiner-on-a-roll/}
}

@inproceedings{das2007google,
  title={Google news personalization: scalable online collaborative filtering},
  author={Das, Abhinandan S and Datar, Mayur and Garg, Ashutosh and Rajaram, Shyam},
  booktitle={Proceedings of the 16th international conference on World Wide Web},
  pages={271--280},
  year={2007},
  organization={ACM}
}


@online{crescimento-ecommerce,
author = {Cooper Smith},
title = {E-COMMERCE AND THE FUTURE OF RETAIL: 2014 [SLIDE DECK]},
month = jun,
year = {2014},
url = {http://www.businessinsider.com/the-future-of-retail-2014-slide-deck-sai-2014-3?nr_email_referer=1&utm_source=Triggermail&utm_medium=email&utm_content=emailshare}
}

@online{sales-ecommerce,
author = {Statista},
title = {Annual B2C e-commerce sales in the United States 2002-2013},
year = {2014},
url = {http://www.statista.com/statistics/271449/annual-b2c-e-commerce-sales-in-the-united-states/}
}

@online{amazonproducts,
  author= {Valentina Palladino},
  title = {Amazon sold 426 items per second in run-up to Christmas},
  month = dec,
  year = {2013},
  url={http://www.theverge.com/2013/12/26/5245008/amazon-sees-prime-spike-in-2013-holiday-season}
}

@book{collectiveintelligence,
 author = {Segaran, Toby},
 title = {Programming Collective Intelligence},
 year = {2007},
 pages={7--28},
 isbn = {9780596529321},
 edition = {First},
 publisher = {O'Reilly},
} 

@article{linden2003amazon,
  title={Amazon.com recommendations: Item-to-item collaborative filtering},
  author={Linden, Greg and Smith, Brent and York, Jeremy},
  journal={Internet Computing, IEEE},
  volume={7},
  number={1},
  pages={76--80},
  year={2003},
  publisher={IEEE}
}

@article{lee2012comparative,
  title={A comparative study of collaborative filtering algorithms},
  author={Lee, Joonseok and Sun, Mingxuan and Lebanon, Guy},
  journal={arXiv preprint arXiv:1205.3193},
  year={2012}
}

@inproceedings{ng1997preventing,
  title={Preventing "overfitting" of cross-validation data},
  author={Ng, Andrew Y}
}

@incollection{lops2011content-chap3,
  title={Content-based recommender systems: State of the art and trends},
  author={Lops, Pasquale and de Gemmis, Marco and Semeraro, Giovanni},
  booktitle={Recommender Systems Handbook},
  pages={73--105},
  year={2011},
  publisher={Springer}
}

@incollection{lops2011content-chap5,
  title={Advances in Collaborative Filtering},
  author={Lops, Pasquale and de Gemmis, Marco and Semeraro, Giovanni},
  booktitle={Recommender Systems Handbook},
  pages={145--184},
  year={2011},
  publisher={Springer}
}


@article{fennell2009collaborative,
  title={Collaborative Filtering on Sparse Rating Data for Yelp. com},
  author={Fennell, Jason},
  year={2009}
}

@incollection{lops2011content-chap15,
  title={Designing and Evaluating Explanations for Recommender Systems},
  author={Lops, Pasquale and de Gemmis, Marco and Semeraro, Giovanni},
  booktitle={Recommender Systems Handbook},
  pages={479--507},
  year={2011},
  publisher={Springer}
}


@incollection{ricci2011introduction-chap1,
  title={Introduction to Recommender Systems Handbook},
  author={Francesco Ricci, Lior Rokach and Bracha Shapira},
  booktitle={Recommender Systems Handbook},
  pages={1--35},
  year={2011},
  publisher={Springer}
}

@incollection{shani2011evaluating,
  title={Evaluating recommendation systems},
  author={Shani, Guy and Gunawardana, Asela},
  booktitle={Recommender systems handbook},
  pages={257--297},
  year={2011},
  publisher={Springer}
}

@incollection{burke2007hybrid,
  title={Hybrid web recommender systems},
  author={Burke, Robin},
  booktitle={The adaptive web},
  pages={377--408},
  year={2007},
  publisher={Springer}
}

@article{iterative-development,
author = {Craig Larman and Victor R. Basili},
title = {Iterative and Incremental Development: A Brief History},
journal ={Computer},
volume = {36},
number = {6},
issn = {0018-9162},
year = {2003},
pages = {47-56},
doi = {http://doi.ieeecomputersociety.org/10.1109/MC.2003.1204375},
publisher = {IEEE Computer Society},
address = {Los Alamitos, CA, USA},
}

@article{de2010combining,
  title={Combining content-based and collaborative recommendations: A hybrid approach based on Bayesian networks},
  author={De Campos, Luis M and Fern{\'a}ndez-Luna, Juan M and Huete, Juan F and Rueda-Morales, Miguel A},
  journal={International Journal of Approximate Reasoning},
  volume={51},
  number={7},
  pages={785--799},
  year={2010},
  publisher={Elsevier}
}

@article{zhang2011tag,
  title={Tag-aware recommender systems: a state-of-the-art survey},
  author={Zhang, Zi-Ke and Zhou, Tao and Zhang, Yi-Cheng},
  journal={Journal of computer science and technology},
  volume={26},
  number={5},
  pages={767--777},
  year={2011},
  publisher={Springer}
}

@inproceedings{debnath2008feature,
  title={Feature weighting in content based recommendation system using social network analysis},
  author={Debnath, Souvik and Ganguly, Niloy and Mitra, Pabitra},
  booktitle={Proceedings of the 17th international conference on World Wide Web},
  pages={1041--1042},
  year={2008},
  organization={ACM}
}

@incollection{symeonidis2007feature,
  title={Feature-weighted user model for recommender systems},
  author={Symeonidis, Panagiotis and Nanopoulos, Alexandros and Manolopoulos, Yannis},
  booktitle={User Modeling 2007},
  pages={97--106},
  year={2007},
  publisher={Springer}
}

@ARTICLE{balabanovic97fab,
    author = {Marko Balabanovic and Yoav Shoham},
    title = {Fab: Content-based, collaborative recommendation},
    journal = {Communications of the ACM},
    year = {1997},
    volume = {40},
    pages = {66--72}
}

@online{techcrunch:edgerank,
  author = {Josh Constine},
  title = {Why Is Facebook Page Reach Decreasing? More Competition And Limited Attention},
  month = apr,
  year = {2014},
  url = {http://techcrunch.com/2014/04/03/the-filtered-feed-problem/?utm_campaign=fb&ncid=fb}
}

@online{techcrunch:edgerank,
  author = {Matt McGee},
  title = {EdgeRank Is Dead: Facebook’s News Feed Algorithm Now Has Close To 100K Weight Factors},
  month = aug,
  year = {2013},
  url = {http://marketingland.com/edgerank-is-dead-facebooks-news-feed-algorithm-now-has-close-to-100k-weight-factors-55908}
}

@inproceedings{hansen2009mixing,
  title={Mixing it up: recommending collections of items},
  author={Hansen, Derek L and Golbeck, Jennifer},
  booktitle={Proceedings of the SIGCHI Conference on Human Factors in Computing Systems},
  pages={1217--1226},
  year={2009},
  organization={ACM}
}

@book{pmbok,
 title = {A Guide To The Project Management Body Of Knowledge (PMBOK Guides)},
 year = {2004},
 isbn = {193069945X, 9781933890517},
 publisher = {Project Management Institute},
key = {{$\!\!$}} ,
} 


@online{epoch,
  author = {Computer Hope},
  title = {Epoch},
  year = {2014},
  url = {http://www.computerhope.com/jargon/e/epoch.htm}
}

@book{chiang2012networked,
  title={Networked Life: 20 Questions and Answers},
  author={Chiang, M.},
  isbn={9781107024946},
  lccn={2012288329},
  series={BusinessPro collection},
  url={http://books.google.com.br/books?id=N5DJJXoLPDQC},
  year={2012},
  publisher={Cambridge University Press}
}

@inproceedings{chandramouli2011streamrec,
  title={StreamRec: a real-time recommender system},
  author={Chandramouli, Badrish and Levandoski, Justin J and Eldawy, Ahmed and Mokbel, Mohamed F},
  booktitle={Proceedings of the 2011 ACM SIGMOD International Conference on Management of data},
  pages={1243--1246},
  year={2011},
  organization={ACM}
}

@online{movielensdataset,
  author = {MovieLens},
  title = {MovieLens 100k Dataset},
  year = {1998},
  url = {http://files.grouplens.org/datasets/movielens/ml-100k-README.txt}
}

@online{netflixprizedataset,
  author = {Netflix},
  title = {Netflix 100M Dataset},
  year = {2009},
  url = {http://www.netflixprize.com/index}
}

@online{moviesggplot2dataset,
  author = {Hadley Wickham},
  title = {Movies dataset},
  month = jun,
  year = {2006},
  url = {http://docs.ggplot2.org/0.9.3.1/movies.html}
}

@online{ForbesAlibabaBoostsIPO,
  author = {Ryan Mac and Brian Solomon},
  title = {Alibaba Boosts IPO Price Range, Could Raise Up To \$25 Billion},
  month = sep,
  year = {2014},
  url = {http://www.forbes.com/sites/ryanmac/2014/09/15/alibaba-raises-ipo-price-range-could-raise-up-to-25-billion/}
}

@online{emarketerGlobalB2CSales,
  author = {eMarketer},
  title = {Global B2C Ecommerce Sales to Hit \$1.5 Trillion This Year Driven by Growth in Emerging Markets},
  month = feb,
  year = {2014},
  url = {http://www.emarketer.com/Article/Global-B2C-Ecommerce-Sales-Hit-15-Trillion-This-Year-Driven-by-Growth-Emerging-Markets/1010575}
}

@online{emarketerB2CEcommerceClimbs,
  author = {eMarketer},
  title = {B2C Ecommerce Climbs Worldwide, as Emerging Markets Drive Sales Higher},
  month = jun,
  year = {2013},
  url = {http://www.emarketer.com/Article/B2C-Ecommerce-Climbs-Worldwide-Emerging-Markets-Drive-Sales-Higher/1010004}
}

@online{PWCTotalRetail,
  author = {Price Waterhouse Coopers},
  title = {Total Retail Global Survey of Online Shoppers},
  month = feb,
  year = {2014},
  url = {http://www.pwc.com/gx/en/retail-consumer/retail-consumer-publications/global-multi-channel-consumer-survey/index.jhtml}
}

@online{BCGThegotomarketrevolution,
  author = {Price Waterhouse Coopers},
  title = {The Go-to-Market Revolution - Igniting Growth with Marketing, Sales, and Pricing},
  month = may,
  year = {2014},
  url = {https://www.bcgperspectives.com/content/articles/go_to_market_strategy_growth_go_to_market_revolution_igniting_growth_marketing_sales_pricing}
}

@online{benchmarkingR,
  author = {John D. Cook},
  title = {Benchmarking C++, Python, R, etc.},
  month = jun,
  year = {2014},
  url = {http://www.johndcook.com/blog/2014/06/20/benchmarking-c-python-r-etc/}
}


